@book{570645,
   author = {Rosenthal, Kimmo I.},
   address = {Essex},
   keywords = {quantale},
   location = {Essex},
   isbn = {0582064236},
   publisher = {Longman Scientific \& Technical},
   title = {Quantales and their applications},
   year = {1990}
}
@article{goldblatt2006kripke,
  title={A {K}ripke-{J}oyal Semantics for Noncommutative Logic in Quantales.},
  author={Goldblatt, Robert},
  journal={Advances in modal logic},
  volume={6},
  pages={209--225},
  year={2006}
}
@article{espindola2020infinitary,
  title={Infinitary generalizations of Deligneâ€™s completeness theorem},
  author={Esp{\'\i}ndola, Christian},
  journal={The Journal of Symbolic Logic},
  volume={85},
  number={3},
  pages={1147--1162},
  year={2020},
  publisher={Cambridge University Press}
}
@article{fellin2022constructive,
  title={Constructive cut elimination in geometric logic},
  author={Fellin, Giulio and Negri, Sara and Orlandelli, Eugenio and others},
  journal={LEIBNIZ INTERNATIONAL PROCEEDINGS IN INFORMATICS},
  volume={239},
  pages={1--16},
  year={2022},
  publisher={Schloss Dagstuhl}
}
@inproceedings{Makkai1977FirstOC,
  title={First order categorical logic},
  author={Michael Makkai and Gonzalo E. Reyes},
  year={1977},
  url={https://api.semanticscholar.org/CorpusID:117138561}
}
@article{Espndola2017InfinitaryFC,
  title={Infinitary first-order categorical logic},
  author={Christian Esp{\'i}ndola},
  journal={Ann. Pure Appl. Log.},
  year={2017},
  volume={170},
  pages={137-162},
  url={https://api.semanticscholar.org/CorpusID:53879335}
}
@unpublished{ha,
    author = {Jacob Lurie},
    title = {Higher algebra},
    year = {2017},
    month = {09},
    note = {Unpublished. Available online at \url{https://www.math.ias.edu/~lurie/}}
}
@article{tenorio2024grothendieck,
  title={Grothendieck prelopologies: towards a closed monoidal sheaf category},
  author={Ten{\'o}rio, Ana Luiza and Mariano, Hugo Luiz},
  journal={arXiv preprint arXiv:2404.12313},
  year={2024}
}
@book{maclane2012sheaves,
  title={Sheaves in geometry and logic: A first introduction to topos theory},
  author={MacLane, Saunders and Moerdijk, Ieke},
  year={2012},
  publisher={Springer Science \& Business Media}
}
@book{caramello2018theories,
  title={Theories, Sites, Toposes: Relating and studying mathematical theories through topos-theoretic 'bridges'},
  author={Caramello, Olivia},
  year={2018},
  publisher={Oxford University Press}
}
@article{yetter1990quantales,
  title={Quantales and (noncommutative) linear logic},
  author={Yetter, David N},
  journal={The Journal of Symbolic Logic},
  volume={55},
  number={1},
  pages={41--64},
  year={1990},
  publisher={Cambridge University Press}
}
@book{Troelstra1992-TROLOL,
	author = {Anne Sjerp Troelstra},
	editor = {},
	publisher = {Center for the Study of Language and Information Publications},
	title = {Lectures on Linear Logic},
	year = {1992}
}
@book{loregian2021co,
  title={(Co)end calculus},
  author={Loregian, Fosco},
  volume={468},
  year={2021},
  publisher={Cambridge University Press}
}
@article{day1973note,
  title={Note on monoidal localisation},
  author={Day, Brian},
  journal={Bulletin of the Australian Mathematical Society},
  volume={8},
  number={1},
  pages={1--16},
  year={1973},
  publisher={Cambridge University Press}
}
@book{borceux1994handbook,
  title={Handbook of Categorical Algebra: Volume 2, Categories and Structures},
  author={Borceux, Francis},
  volume={2},
  year={1994},
  publisher={Cambridge University Press}
}
@phdthesis{day1970construction,
  title={Construction of biclosed categories},
  author={Day, Brian John},
  year={1970},
  school={University of New South Wales PhD thesis}
}
@book{riehl2014categorical,
  title={Categorical homotopy theory},
  author={Riehl, Emily},
  volume={24},
  year={2014},
  publisher={Cambridge University Press}
}